@article{author2020,
  author = {吉田 雄真},
  title = {参考文献の書き方},
  journal = {新潟大学},
  year = {2022},
  volume = {11},
}
