@article{example_article,
    author  = "Author, A. and Writer, B.",
    title   = "Title of the Article",
    journal = "Journal Name",
    year    = "2023",
    volume  = "10",
    number  = "2",
    pages   = "100-120"
}

@book{example_book,
    author    = "Smith, John",
    title     = "Book Title",
    publisher = "Publisher Name",
    year      = "2021",
    address   = "City"
}
